<record><leader>00000cas a22000007a 4500</leader><controlfield tag="001">20507758</controlfield><controlfield tag="008">891018d19221925nduwr ne      0    0eng d</controlfield><datafield ind1=" " ind2=" " tag="010"><subfield code="a">sn 89074326 </subfield></datafield><datafield ind1=" " ind2=" " tag="040"><subfield code="a">NOP</subfield><subfield code="b">eng</subfield><subfield code="c">NOP</subfield><subfield code="d">OCLCQ</subfield></datafield><datafield ind1=" " ind2=" " tag="042"><subfield code="a">msc</subfield></datafield><datafield ind1="0" ind2="4" tag="245"><subfield code="a">The Mandan news and the Morton County farmers press.</subfield></datafield><datafield ind1="1" ind2="3" tag="246"><subfield code="a">Mandan news and Mandan news and Morton County farmers press</subfield></datafield><datafield ind1=" " ind2=" " tag="260"><subfield code="a">[Mandan, Morton County, N.D.] :</subfield><subfield code="b">Mandan News Pub. Co.</subfield></datafield><datafield ind1=" " ind2=" " tag="300"><subfield code="a">v. :</subfield><subfield code="b">ill. ;</subfield><subfield code="c">59 cm.</subfield></datafield><datafield ind1=" " ind2=" " tag="310"><subfield code="a">Weekly</subfield></datafield><datafield ind1="1" ind2=" " tag="362"><subfield code="a">Began in Oct. 1922.</subfield></datafield><datafield ind1="0" ind2=" " tag="362"><subfield code="a">-v. 33, no. 37 (May 28, 1925).</subfield></datafield><datafield ind1=" " ind2=" " tag="500"><subfield code="a">"Official Newspaper for Morton County", 1922.</subfield></datafield><datafield ind1=" " ind2=" " tag="500"><subfield code="a">Published as: Mandan news and Mandan news and Morton County farmers press, Mar. 20-April 10, 1924.</subfield></datafield><datafield ind1=" " ind2=" " tag="530"><subfield code="a">Available on microfilm from the State Historical Society of North Dakota.</subfield></datafield><datafield ind1=" " ind2=" " tag="588"><subfield code="a">Description based on: Vol. 31, no. 12 (Dec. 7, 1922).</subfield></datafield><datafield ind1=" " ind2=" " tag="752"><subfield code="a">United States</subfield><subfield code="b">North Dakota</subfield><subfield code="c">Morton</subfield><subfield code="d">Mandan.</subfield></datafield><datafield ind1="0" ind2="4" tag="780"><subfield code="t">Mandan news and farmer-labor news</subfield><subfield code="w">(DLC)sn 89074325</subfield></datafield><datafield ind1="0" ind2="4" tag="780"><subfield code="t">Morton County farmers press</subfield><subfield code="w">(DLC)sn 89074328</subfield></datafield><datafield ind1="0" ind2="0" tag="785"><subfield code="t">Mandan news (Mandan, N.D. : 1925)</subfield><subfield code="w">(DLC)sn 89074327</subfield></datafield><datafield ind1="1" ind2=" " tag="029"><subfield code="a">AU@</subfield><subfield code="b">000025874144</subfield></datafield></record>